@book{kitaev2002classical,
  title={Classical and Quantum Computation},
  author={Kitaev, A.Y. and Shen, A. and Vyalyi, M.N. and Vyalyi, M.N.},
  isbn={9780821832295},
  lccn={2002016686},
  series={Graduate studies in mathematics},
  url={https://books.google.com.tw/books?id=qYHTvHPvmG8C},
  year={2002},
  publisher={American Mathematical Society}
}

@misc{1804.01082,
	Author = {Urmila Mahadev},
	Title = {Classical Verification of Quantum Computations},
	Year = {2018},
	Eprint = {arXiv:1804.01082},
}

@article{quant-ph/0406180,
	Author = {Julia Kempe and Alexei Kitaev and Oded Regev},
	Title = {The Complexity of the Local Hamiltonian Problem},
	Year = {2004},
	Eprint = {arXiv:quant-ph/0406180},
	Howpublished = {SIAM Journal of Computing, Vol. 35(5), p. 1070-1097 (2006),
		  conference version in Proc. 24th FSTTCS, p. 372-383 (2004)},
}

@article{1109.0795,
	Author = {Matthew McKague},
	Title = {On the power quantum computation over real Hilbert spaces},
	Year = {2011},
	Eprint = {arXiv:1109.0795},
	Howpublished = {Int. J. Quantum Inform., 11, 1350001 (2013)},
	Doi = {10.1142/S0219749913500019},
}

@article{0704.1287,
	Author = {Jacob D. Biamonte and Peter J. Love},
	Title = {Realizable Hamiltonians for Universal Adiabatic Quantum Computers},
	Year = {2007},
	Eprint = {arXiv:0704.1287},
	Howpublished = {Phys. Rev. A 78, 012352 (2008).},
	Doi = {10.1103/PhysRevA.78.012352},
}

@misc{1904.06320,
	Author = {Alexandru Gheorghiu and Thomas Vidick},
	Title = {Computationally-secure and composable remote state preparation},
	Year = {2019},
	Eprint = {arXiv:1904.06320},
}

@misc{1708.02130,
	Author = {Urmila Mahadev},
	Title = {Classical Homomorphic Encryption for Quantum Circuits},
	Year = {2017},
	Eprint = {arXiv:1708.02130},
}

@misc{quant-ph/0301040,
	Author = {Dorit Aharonov},
	Title = {A Simple Proof that Toffoli and Hadamard are Quantum Universal},
	Year = {2003},
	Eprint = {arXiv:quant-ph/0301040},
}
