@article{NWZ09,
  author    = {Daniel Nagaj and Pawel Wocjan and Yong Zhang},
  title     = {Fast Amplification of QMA},
  journal   = {arXiv},
  volume    = {0904.1549},
  year      = {2009},
}

@misc{Watrous06, 
author = {John Watrous},
title = {Lecture 9: Phase estimation (continued); the quantum Fourier transform},
year = {2006},
url = {https://cs.uwaterloo.ca/~watrous/LectureNotes/CPSC519.Winter2006/09.pdf},
}

@article{MW05,
 author = {Marriott, Chris and Watrous, John},
 title = {Quantum Arthur---Merlin Games},
 journal = {Comput. Complex.},
 issue_date = {June      2005},
 volume = {14},
 number = {2},
 month = jun,
 year = {2005},
 issn = {1016-3328},
 pages = {122--152},
 numpages = {31},
 url = {http://dx.doi.org/10.1007/s00037-005-0194-x},
 doi = {10.1007/s00037-005-0194-x},
 acmid = {1391807},
 publisher = {Birkhauser Verlag},
 address = {Basel, Switzerland, Switzerland},
 keywords = {68Q10, 68Q15, Arthur---Merlin games, interactive proof systems, quantum complexity theory, quantum computation, quantum proofs},
} 


@inproceedings{AC:BFKSW19,
  author    = {Saikrishna Badrinarayanan and Rex Fernando and Venkata Koppula and Amit Sahai and Brent Waters},
  title     = {Output Compression, MPC, and iO for Turing Machines},
  booktitle = {Asiacrypt 2019},
  pages = {342--370},
  year      = {2019},
}


@article{SIAM:HILL99,
  author    = {Johan H{\aa}stad and Russell Impagliazzo and Leonid A. Levin and Michael Luby},
  title     = {A Pseudorandom Generator from any One-way Function},
  journal   = {{SIAM} J. Comput.},
  volume    = {28},
  number    = {4},
  pages     = {1364--1396},
  year      = {1999},
}


@article{JACM:Regev09,
  author    = {Oded Regev},
  title     = {On lattices, learning with errors, random linear codes, and cryptography},
  journal   = {J. {ACM}},
  volume    = {56},
  number    = {6},
  pages     = {34:1--34:40},
  year      = {2009},
}


@article{FTTCS:Peikert16,
  author    = {Chris Peikert},
  title     = {A Decade of Lattice Cryptography},
  journal   = {Foundations and Trends in Theoretical Computer Science},
  volume    = {10},
  number    = {4},
  pages     = {283--424},
  year      = {2016},
}


@article{SIAM:Micali00,
  author    = {Silvio Micali},
  title     = {Computationally Sound Proofs},
  journal   = {{SIAM} J. Comput.},
  volume    = {30},
  number    = {4},
  pages     = {1253--1298},
  year      = {2000},
}

@article{JACM:GolKalRot15,
  author    = {Shafi Goldwasser and
               Yael Tauman Kalai and
               Guy N. Rothblum},
  title     = {Delegating Computation: Interactive Proofs for Muggles},
  journal   = {J. {ACM}},
  volume    = {62},
  number    = {4},
  pages     = {27:1--27:64},
  year      = {2015},
}

@article{SIAM:GGH0SW16,
  author    = {Sanjam Garg and
               Craig Gentry and
               Shai Halevi and
               Mariana Raykova and
               Amit Sahai and
               Brent Waters},
  title     = {Candidate Indistinguishability Obfuscation and Functional Encryption
               for All Circuits},
  journal   = {{SIAM} J. Comput.},
  volume    = {45},
  number    = {3},
  pages     = {882--929},
  year      = {2016},
}

@article{JACM:BGIRSVY12,
  author    = {Boaz Barak and
               Oded Goldreich and
               Russell Impagliazzo and
               Steven Rudich and
               Amit Sahai and
               Salil P. Vadhan and
               Ke Yang},
  title     = {On the (im)possibility of obfuscating programs},
  journal   = {J. {ACM}},
  volume    = {59},
  number    = {2},
  pages     = {6:1--6:48},
  year      = {2012},
}

@article{arXiv:ABOEM17,
  author    = {Dorit Aharonov and Michael Ben-Or and Elad Eban and Urmila Mahadev},
  title     = {Interactive Proofs for Quantum Computations},
  journal   = {arXiv},
  volume    = {1704.04487},
  year      = {2017},
}

@article{PR:FitKas17,
  author    = {Joseph F Fitzsimons and Elham Kashef},
  title     = {Unconditionally verifiable blind quantum computation},
  journal   = {Physical Review A},
  volume    = {96},
  number= {1},
  pages   ={012303},
  year      = {2017},
}

@article{Nat:RUV13,
  author    = {Ben W Reichardt and Falk Unger and Umesh Vazirani},
  title     = {Classical command of quantum systems},
  journal   = {Nature},
  volume    = {496},
  number= {7746},
  pages   ={456},
  year      = {2013},
}

@inproceedings{FOCS:GheVid19,
  author    = {Alexandru Gheorghiu and Thomas Vidick},
  title     = {Computationally-secure and composable remote state preparation},
  booktitle = {FOCS},
  pages = {1024--1033},
  year      = {2019},
}

@inproceedings{TCC:ChiManSpo19,
  author    = {Alessandro Chiesa and
               Peter Manohar and
               Nicholas Spooner},
  title     = {Succinct Arguments in the Quantum Random Oracle Model},
  booktitle = {TCC},
  pages     = {1--29},
  year      = {2019},
}



@article{SonYun17,
  author    = {Fang Song and Aaram Yun},
  title     = {Quantum Security of NMAC and Related Constructions - PRF Domain Extension Against Quantum attacks},
  journal   = {IACR Cryptology ePrint Archive},
  volume    = {2017},
  pages    = {509},
  year      = {2017},
  url       = {http://eprint.iacr.org/2017/509},
    note  ={Version 20170602:164010. Preliminary version of this paper was presented at CRYPTO 2017},
}

@article{arXiv:AlaChiHun19,
  author    = {Gorjan Alagic and Andrew M. Childs and Shih-Han Hung},
  title     = {Two-message verification of quantum computation},
  journal   = {arXiv},
  volume    = {1911.08101},
  year      = {2019},
}

@article{PR:MorFit18,
  author    = {Tomoyuki Morimae and Joseph F. Fitzsimons},
  title     = {Post hoc verification with a single prover},
  journal   = {Physical Review Letters},
  volume    = {120},
  pages   ={040501},
  year      = {2018},
}
